%% This BibTeX bibliography file was created using BibDesk.
%% http://bibdesk.sourceforge.net/


%% Created for mblum at 2012-02-16 15:40:25 +0100 


%% Saved with string encoding Unicode (UTF-8) 



@article{csilleryetal12,
	Author = {Csill{\'e}ry, Katalin and Fran\c{c}ois, Olivier and Blum, Michael G. B.},
	Date-Added = {2012-02-16 14:38:53 +0000},
	Date-Modified = {2012-02-16 14:40:16 +0000},
	Doi = {10.1111/j.2041-210X.2011.00179.x},
	Issn = {2041-210X},
	Journal = {Methods in Ecology and Evolution},
	Keywords = {coalescent, model-based inference, neural networks, population genetics},
	Pages = {no--no},
	Publisher = {Blackwell Publishing Ltd},
	Title = {abc: an R package for approximate Bayesian computation (ABC)},
	Url = {http://dx.doi.org/10.1111/j.2041-210X.2011.00179.x},
	Year = {2012},
	Bdsk-Url-1 = {http://dx.doi.org/10.1111/j.2041-210X.2011.00179.x}}

@article{fagundesetal2007,
	Author = {Fagundes, N.J.R. and Ray, N. and Beaumont, M. and Neuenschwander, S. and Salzano, F.M. and Bonatto, S.L. and Excoffier, L.},
	Journal = {Proceedings of the National Academy of Sciences},
	Number = {45},
	Pages = {17614},
	Publisher = {National Acad Sciences},
	Title = {Statistical evaluation of alternative models of human evolution},
	Volume = {104},
	Year = {2007}}

@article{pavlidisetal10,
	Author = {Pavlidis, P. and Laurent, S. and Stephan, W.},
	Date-Added = {2011-08-16 15:48:47 +0000},
	Date-Modified = {2011-08-16 15:52:39 +0000},
	Isbn = {1755-0998},
	Journal = {Molecular Ecology Resources},
	Keywords = {Approximate Bayesian Computation; coalescent simulations; demographic inference; population genetics},
	M3 = {10.1111/j.1755-0998.2010.02832.x},
	Number = {4},
	Pages = {723--727},
	Publisher = {Blackwell Publishing Ltd},
	Title = {msABC: a modification of Hudson's ms to facilitate multi-locus ABC analysis},
	Ty = {JOUR},
	Url = {http://dx.doi.org/10.1111/j.1755-0998.2010.02832.x},
	Volume = {10},
	Year = {2010},
	Bdsk-Url-1 = {http://dx.doi.org/10.1111/j.1755-0998.2010.02832.x}}

@article{andersonetal05,
	Abstract = {Summary: We present Serial SimCoal, a program that models population genetic data from multiple time points, as with ancient DNA data. An extension of SIMCOAL, it also allows simultaneous modeling of complex demographic histories, and migration between multiple populations. Further, we incorporate a statistical package to calculate relevant summary statistics, which, for the first time allows users to investigate the statistical power provided by, conduct hypothesis-testing with, and explore sample size limitations of ancient DNA data.Availability: Source code and Windows/Mac executables at http://www.stanford.edu/group/hadlylab/ssc.htmlcontact: senka{\char64}stanford.edu},
	Author = {Anderson, Christian N. K. and Ramakrishnan, Uma and Chan, Yvonne L. and Hadly, Elizabeth A.},
	Date-Added = {2011-05-13 14:46:28 +0200},
	Date-Modified = {2011-05-13 14:46:50 +0200},
	Journal = {Bioinformatics},
	Journal1 = {Bioinformatics},
	M3 = {10.1093/bioinformatics/bti154},
	Number = {8},
	Pages = {1733--1734},
	Title = {Serial SimCoal: A population genetics model for data from multiple populations and points in time},
	Ty = {JOUR},
	Url = {http://bioinformatics.oxfordjournals.org/content/21/8/1733.abstract},
	Volume = {21},
	Year = {2005},
	Bdsk-Url-1 = {http://bioinformatics.oxfordjournals.org/content/21/8/1733.abstract}}

@article{tallmonetal08,
	Author = {Tallmon,D A and Koyuk, A and Luikart, G and Beaumont, M A},
	Date-Added = {2011-05-13 14:42:15 +0200},
	Date-Modified = {2011-05-13 14:48:30 +0200},
	Doi = {10.1111/j.1471-8286.2007.01997.x},
	Issn = {1755-0998},
	Journal = {Molecular Ecology Resources},
	Keywords = {approximate Bayesian computation, bottleneck, conservation genetics, effective population size, microsatellite, Ne},
	Number = {2},
	Pages = {299--301},
	Publisher = {Blackwell Publishing Ltd},
	Title = {COMPUTER PROGRAMS: onesamp: a program to estimate effective population size using approximate Bayesian computation},
	Url = {http://dx.doi.org/10.1111/j.1471-8286.2007.01997.x},
	Volume = {8},
	Year = {2008},
	Bdsk-Url-1 = {http://dx.doi.org/10.1111/j.1471-8286.2007.01997.x}}

@article{ratmannetal09,
	Author = {Ratmann, Oliver and Andrieu, Christophe and Wiuf, Carsten and Richardson, Sylvia},
	Date = {2009/06/30},
	Date-Added = {2011-05-13 13:41:55 +0200},
	Date-Modified = {2011-05-13 13:42:06 +0200},
	Journal = {Proceedings of the National Academy of Sciences},
	Journal1 = {Proceedings of the National Academy of Sciences},
	M3 = {10.1073/pnas.0807882106},
	Month = {06},
	Number = {26},
	Pages = {10576--10581},
	Title = {Model criticism based on likelihood-free inference, with an application to protein network evolution},
	Ty = {JOUR},
	Url = {http://www.pnas.org/content/106/26/10576.abstract},
	Volume = {106},
	Year = {2009},
	Bdsk-Url-1 = {http://www.pnas.org/content/106/26/10576.abstract}}

@article{beaumontetal02,
	Author = {M A Beaumont and W Zhang and D J Balding},
	Journal = {Genetics},
	Pages = {2025--2035},
	Title = {Approximate {B}ayesian computation in population genetics},
	Volume = {162},
	Year = {2002}}

@incollection{beaumont08,
	Address = {UK},
	Author = {M A Beaumont},
	Booktitle = {Simulation, Genetics and Human Prehistory},
	Editor = {Matsumura S, Forster P, Renfrew C},
	Pages = {134--1541},
	Publisher = {McDonald Institute Monographs},
	Series = {McDonald Institute Monographs},
	Title = {Joint determination of topology, divergence time, and immigration in population trees},
	Year = {2008}}

@article{blumfrancois10,
	Author = {M G B Blum and O Fran\c{c}ois},
	Journal = {Statistics and Computing},
	Pages = {63--73},
	Title = {Non-linear regression models for {A}pproximate {B}ayesian {C}omputation},
	Volume = {20},
	Year = {2010}}

@article{beaumontetal09,
	Author = {M A Beaumont and J-M Marin and J-M Cornuet and C P Robert},
	Journal = {Biometrika},
	Pages = {983--990},
	Title = {Adaptivity for {A}{B}{C} algorithms: the {A}{B}{C}-{P}{M}{C} scheme},
	Volume = {96},
	Year = {2009}}

@article{beaumont10,
	Author = {Beaumont, Mark A.},
	Journal = {Annual Review of Ecology, Evolution, and Systematics},
	Pages = {379-406},
	Title = {Approximate Bayesian Computation in Evolution and Ecology},
	Volume = {41},
	Year = {2010}}

@article{bertorelleetal10,
	Author = {Bertorelle, G. AND Benazzo, A. AND Mona, S.},
	Journal = {Molecular Ecology},
	Pages = {2609--2625},
	Title = {ABC as a flexible framework to estimate demography over space and time: some cons, many pros},
	Volume = {19},
	Year = {2010}}

@article{blum10,
	Author = {Blum, Michael G. B.},
	Doi = {10.1198/jasa.2010.tm09448},
	Journal = {Journal of the American Statistical Association},
	Number = {491},
	Pages = {1178--1187},
	Title = {Approximate Bayesian Computation: A Nonparametric Perspective},
	Volume = {105},
	Year = {2010},
	Bdsk-Url-1 = {http://dx.doi.org/10.1198/jasa.2010.tm09448}}

@article{bortotetal07,
	Author = {P Bortot and S G Coles and S A Sisson},
	Journal = {Journal of the American Statistical Association},
	Pages = {84--92},
	Title = {Inference for stereological extremes},
	Volume = {102},
	Year = {2007}}

@article{brayetal10,
	Author = {T C Bray and VC Sousa and B Parreira and MW Bruford and L Chikhi},
	Issue = {3},
	Journal = {Molecular Ecology Resources},
	Pages = {538--541},
	Title = {2BAD: an application to estimate the parental contributions during two independent admixture events},
	Volume = {10},
	Year = {2010}}

@article{cornuetetal08,
	Author = {Cornuet, Jean-Marie and Santos, Filipe and Beaumont, Mark A. and Robert, Christian P. and Marin, Jean-Michel and Balding, David J. and Guillemaud, Thomas and Estoup, Arnaud},
	Doi = {10.1093/bioinformatics/btn514},
	Journal = {Bioinformatics},
	Number = {23},
	Pages = {2713--2719},
	Title = {{Inferring population history with DIY ABC: a user-friendly approach to approximate Bayesian computation}},
	Url = {http://bioinformatics.oxfordjournals.org/content/24/23/2713.abstract},
	Volume = {24},
	Year = {2008},
	Bdsk-Url-1 = {http://bioinformatics.oxfordjournals.org/content/24/23/2713.abstract},
	Bdsk-Url-2 = {http://dx.doi.org/10.1093/bioinformatics/btn514}}

@article{cornuetetal10,
	Author = {Cornuet, Jean-Marie and Ravigne, Virgine and Estoup, Arnaud},
	Doi = {10.1186/1471-2105-11-401},
	Issn = {1471-2105},
	Journal = {BMC Bioinformatics},
	Number = {1},
	Pages = {401},
	Pubmedid = {20667077},
	Title = {Inference on population history and model checking using DNA sequence and microsatellite data with the software DIYABC (v1.0)},
	Url = {http://www.biomedcentral.com/1471-2105/11/401},
	Volume = {11},
	Year = {2010},
	Bdsk-Url-1 = {http://www.biomedcentral.com/1471-2105/11/401},
	Bdsk-Url-2 = {http://dx.doi.org/10.1186/1471-2105-11-401}}

@article{csilleryetal10,
	Author = {Csill\'ery, K and Blum, M G B and Gaggiotti, O E AND Fran{\c c}ois, O},
	Doi = {10.1016/j.tree.2010.04.001},
	Journal = {Trends Ecol Evol},
	Pages = {410--418},
	Title = {{Approximate Bayesian Computation in practice}},
	Volume = {25},
	Year = {2010},
	Bdsk-Url-1 = {http://dx.doi.org/10.1016/j.tree.2010.04.001}}

@article{fagundesetal07,
	Author = {Fagundes, Nelson J. R. and Ray, Nicolas and Beaumont, Mark and Neuenschwander, Samuel and Salzano, Francisco M. and Bonatto, Sandro L. and Excoffier, Laurent},
	Journal = {Proc Natl Acad Sci USA},
	Pages = {{17614--17619}},
	Title = {{Statistical evaluation of alternative models of human evolution}},
	Volume = {{104}},
	Year = {{2007}}}

@article{francoisetal08,
	Author = {Fran\c{c}ois, Olivier and Blum, Michael G B and Jakobsson, Mattias and Rosenberg, Noah A},
	Journal = {PLoS Genet},
	Pages = {e1000075},
	Title = {{Demographic History of European Populations of \emph{{A}rabidopsis thaliana}}},
	Volume = {4},
	Year = {2008}}

@book{gelmanetal03,
	Address = {Boca Raton},
	Author = {Gelman, Andrew and Carlin, John B. and Stern, Hal S. and Rubin, Donald B.},
	Edition = {2},
	Howpublished = {Hardcover},
	Publisher = {Chapman \& Hall/CRC},
	Title = {Bayesian Data Analysis, Second Edition (Texts in Statistical Science)},
	Year = {2003}}

@book{hastieetal03,
	Author = {Hastie, T. and Tibshirani, R. and Friedman, J. H.},
	Edition = {2nd},
	Publisher = {Springer},
	Title = {{The Elements of Statistical Learning}},
	Year = {2009}}

@article{hudson02,
	Author = {Hudson, Richard R.},
	Doi = {10.1093/bioinformatics/18.2.337},
	Journal = {Bioinformatics},
	Number = {2},
	Pages = {337--338},
	Title = {{Generating samples under a Wright-Fisher neutral model of genetic variation}},
	Volume = {18},
	Year = {2002},
	Bdsk-Url-1 = {http://dx.doi.org/10.1093/bioinformatics/18.2.337}}

@article{hickersonetal07,
	Author = {Hickerson, Michael and Stahl, Eli and Takebayashi, Naoki},
	Doi = {10.1186/1471-2105-8-268},
	Issn = {1471--2105},
	Journal = {BMC Bioinformatics},
	Number = {1},
	Pages = {268},
	Title = {msBayes: Pipeline for testing comparative phylogeographic histories using hierarchical approximate Bayesian computation},
	Url = {http://www.biomedcentral.com/1471-2105/8/268},
	Volume = {8},
	Year = {2007},
	Bdsk-Url-1 = {http://www.biomedcentral.com/1471-2105/8/268},
	Bdsk-Url-2 = {http://dx.doi.org/10.1186/1471-2105-8-268}}

@article{liepeetal10,
	Author = {Liepe, Juliane and Barnes, Chris and Cule, Erika and Erguler, Kamil and Kirk, Paul and Toni, Tina and Stumpf, Michael P.H.},
	Doi = {10.1093/bioinformatics/btq278},
	Journal = {Bioinformatics},
	Number = {14},
	Pages = {1797--1799},
	Title = {{ABC-SysBio---approximate Bayesian computation in Python with GPU support}},
	Url = {http://bioinformatics.oxfordjournals.org/content/26/14/1797.abstract},
	Volume = {26},
	Year = {2010},
	Bdsk-Url-1 = {http://bioinformatics.oxfordjournals.org/content/26/14/1797.abstract},
	Bdsk-Url-2 = {http://dx.doi.org/10.1093/bioinformatics/btq278}}

@article{lopesetal09,
	Author = {Lopes, Joao S. and Balding, David and Beaumont, Mark A.},
	Doi = {10.1093/bioinformatics/btp487},
	Journal = {Bioinformatics},
	Number = {20},
	Pages = {2747--2749},
	Title = {{PopABC: a program to infer historical demographic parameters}},
	Url = {http://bioinformatics.oxfordjournals.org/content/25/20/2747.abstract},
	Volume = {25},
	Year = {2009},
	Bdsk-Url-1 = {http://bioinformatics.oxfordjournals.org/content/25/20/2747.abstract},
	Bdsk-Url-2 = {http://dx.doi.org/10.1093/bioinformatics/btp487}}

@article{marjoram2003,
	Author = {Marjoram, Paul and Molitor, John and Plagnol, Vincent and Tavar\'e, Simon},
	Date-Modified = {2010-12-17 18:13:29 +0100},
	Doi = {10.1073/pnas.0306899100},
	Eprint = {http://www.pnas.org/content/100/26/15324.full.pdf+html},
	Journal = {Proceedings of the National Academy of Sciences of the United States of America},
	Number = {26},
	Pages = {15324--15328},
	Title = {{Markov chain Monte Carlo without likelihoods}},
	Url = {http://www.pnas.org/content/100/26/15324.abstract},
	Volume = {100},
	Year = {2003},
	Bdsk-Url-1 = {http://www.pnas.org/content/100/26/15324.abstract},
	Bdsk-Url-2 = {http://dx.doi.org/10.1073/pnas.0306899100}}

@article{nielsen09,
	Author = {R Nielsen and M A Beaumont},
	Journal = {Molecular Ecology},
	Pages = {1034--1047},
	Title = {Statistical inferences in phylogeography},
	Volume = {18},
	Year = {2009}}

@article{pritchardetal99,
	Author = {J K Pritchard and M T Seielstad and A Perez-Lezaun and M W Feldman},
	Journal = {Molecular Biology and Evolution},
	Pages = {1791--1798},
	Title = {Population growth of human {Y} chromosomes: a study of Y chromosome microsatellites},
	Volume = {16},
	Year = {1999}}

@article{sissonetal07,
	Author = {S A Sisson and Y Fan and M Tanaka},
	Journal = {Proceedings of the National Academy of Sciences of the United States of America},
	Note = {Errata (2009), 106, 16889},
	Pages = {1760--1765},
	Title = {Sequential {M}onte {C}arlo without likelihoods},
	Volume = {104},
	Year = {2007}}

@article{tallmonetal04,
	Author = {Tallmon, David A. and Luikart, Gordon and Beaumont, Mark A.},
	Doi = {10.1534/genetics.103.026146},
	Journal = {Genetics},
	Number = {2},
	Pages = {977--988},
	Title = {{Comparative Evaluation of a New Effective Population Size Estimator Based on Approximate Bayesian Computation}},
	Volume = {167},
	Year = {2004},
	Bdsk-Url-1 = {http://dx.doi.org/10.1534/genetics.103.026146}}

@article{thornton09,
	Author = {Thornton, Kevin},
	Doi = {10.1186/1471-2156-10-35},
	Issn = {1471-2156},
	Journal = {BMC Genetics},
	Number = {1},
	Pages = {35},
	Pubmedid = {19583871},
	Title = {Automating approximate Bayesian computation by local linear regression},
	Url = {http://www.biomedcentral.com/1471-2156/10/35},
	Volume = {10},
	Year = {2009},
	Bdsk-Url-1 = {http://www.biomedcentral.com/1471-2156/10/35},
	Bdsk-Url-2 = {http://dx.doi.org/10.1186/1471-2156-10-35}}

@article{voightetal05,
	Author = {B. F. Voight and A. M. Adams and L. A. Frisse and Y. Qian and R. R. Hudson and A. {Di Rienzo}},
	Journal = {Proc Natl Acad Sci USA},
	Pages = {18508-18513},
	Title = {Interrogating multiple aspects of variation in a full resequencing data set to infer human population size changes},
	Volume = 102,
	Year = 2005}

@article{wegmannetal10,
	Author = {Wegmann, Daniel and Leuenberger, Christoph and Neuenschwander, Samuel and Excoffier, Laurent},
	Doi = {10.1186/1471-2105-11-116},
	Issn = {1471-2105},
	Journal = {BMC Bioinformatics},
	Number = {1},
	Pages = {116},
	Pubmedid = {20202215},
	Title = {ABCtoolbox: a versatile toolkit for approximate Bayesian computations},
	Url = {http://www.biomedcentral.com/1471-2105/11/116},
	Volume = {11},
	Year = {2010},
	Bdsk-Url-1 = {http://www.biomedcentral.com/1471-2105/11/116},
	Bdsk-Url-2 = {http://dx.doi.org/10.1186/1471-2105-11-116}}

@manual{R10,
	Address = {Vienna, Austria},
	Author = {{R Development Core Team}},
	Note = {{ISBN} 3-900051-07-0},
	Organization = {R Foundation for Statistical Computing},
	Title = {R: A Language and Environment for Statistical Computing},
	Url = {http://www.R-project.org},
	Year = 2010,
	Bdsk-Url-1 = {http://www.R-project.org}}

@article{rejector,
	Author = {Jobin, MJ and Mountain, JL},
	Doi = {10.1093/bioinformatics/btn540},
	Journal = {Bioinformatics},
	Pages = {2936--2937},
	Pubmedid = {18936052},
	Title = {REJECTOR: software for population history inference from genetic data via a rejection algorithm},
	Volume = {24},
	Year = {2008},
	Bdsk-Url-1 = {http://dx.doi.org/10.1093/bioinformatics/btn540}}

@article{wenetal11,
	Author = {Huang, Wen and Takebayashi, Naoki and Qi, Yan and Hickerson, Michael},
	Doi = {10.1186/1471-2105-12-1},
	Issn = {1471-2105},
	Journal = {BMC Bioinformatics},
	Number = {1},
	Pages = {1},
	Pubmedid = {21199577},
	Title = {MTML-msBayes: Approximate Bayesian comparative phylogeographic inference from multiple taxa and multiple loci with rate heterogeneity},
	Url = {http://www.biomedcentral.com/1471-2105/12/1},
	Volume = {12},
	Year = {2011},
	Bdsk-Url-1 = {http://www.biomedcentral.com/1471-2105/12/1},
	Bdsk-Url-2 = {http://dx.doi.org/10.1186/1471-2105-12-1}}

@article{simcoal2,
	Author = {Guillaume Laval and Laurent Excoffier},
	Journal = {Bioinformatics},
	Number = {15},
	Pages = {2485--2487},
	Title = {{SIMCOAL} 2.0: a program to simulate genomic diversity over large recombining regions in a subdivided population with a complex history},
	Volume = {20},
	Year = {2004}}

@article{marjorametal03,
	Author = {Paul Marjoram and John Molitor and Vincent Plagnol and Simon Tavar{\'e}},
	Journal = {Proc Natl Acad Sci USA},
	Number = 26,
	Pages = {15324--15328},
	Title = {Markov Chain {M}onte {C}arlo Without Likelihoods},
	Volume = 100,
	Year = 2003}

@article{beaumontatal09,
	Author = {Mark A. Beaumont and Jean-Marie Cornuet and Jean-Michel Marin and Christian P. Robert},
	Journal = {Biometrika},
	Number = {4},
	Pages = {983--990},
	Title = {Adaptive approximate Bayesian computation},
	Volume = {96},
	Year = {2009}}

@article{francoislaval11,
	Author = {Olivier Fran{\c c}ois and Guillaume Laval},
	Journal = {Statistical Applications in Genetics and Molecular Biology},
	Number = {1},
	Pages = {33},
	Title = {Deviance Information Criteria for Model Selection in Approximate Bayesian Computation},
	Volume = {10},
	Year = {2011}}
